<?xml version="1.0" encoding="UTF-8"?><collection xmlns="http://www.loc.gov/MARC21/slim"><record><leader>00430nam--2200133-i-4500</leader><controlfield tag="001">000038080</controlfield><controlfield tag="002">20161230</controlfield><controlfield tag="005">20161230201041</controlfield><controlfield tag="008">060222s1000------------r-----000-0-eng-d</controlfield><datafield ind1=" " ind2=" " tag="080"><subfield code="a">621.039.8(035)</subfield></datafield><datafield ind1=" " ind2=" " tag="245"><subfield code="a">Reactor handbook:materials.vol.4. materials. section 1. general properties</subfield></datafield><datafield ind1=" " ind2=" " tag="260"><subfield code="a">Geneva, United States Atomic Energy Program, 1955. Xv+610 P</subfield></datafield><datafield ind1=" " ind2=" " tag="490"><subfield code="a">Selected Referance Material On Atomic Energy</subfield></datafield><datafield ind1=" " ind2=" " tag="852"><subfield code="a">38352</subfield></datafield></record></collection>